@article{BalancingChemicalEquations1997,
    author    = {T{\'o}th, Zolt{\'a}n},
    doi       = {10.1021/ed074p1363},
    issn      = {0021-9584},
    journal   = {Journal of Chemical Education},
    number    = {11},
    pages     = {1363},
    publisher = {American Chemical Society},
    title     = {Balancing {{Chemical Equations}} by {{Inspection}}},
    volume    = {74},
    year      = 1997
}

@misc{BalancingChemicalEquations2024,
    archiveprefix = {arXiv},
    author        = {Zhang, Zeying and Zhang, Xueqin and Zhao, Y. X. and Yang, Shengyuan A.},
    doi           = {10.48550/arXiv.2410.06023},
    eprint        = {2410.06023},
    keywords      = {Mathematical Physics,Mathematics - Mathematical Physics,Physics - Chemical Physics},
    number        = {arXiv:2410.06023},
    primaryclass  = {physics},
    publisher     = {arXiv},
    shorttitle    = {Balancing Chemical Equations},
    title         = {Balancing Chemical Equations: Form the Perspective of {{Hilbert}} Basis},
    year          = 2024
}

@article{BalancingOxidationreductionEquations1938,
    author    = {Morris, Kelso B.},
    doi       = {10.1021/ed015p538},
    issn      = {0021-9584},
    journal   = {Journal of Chemical Education},
    number    = {11},
    pages     = {538},
    publisher = {American Chemical Society},
    title     = {The Balancing of Oxidation-Reduction Equations},
    volume    = {15},
    year      = 1938
}

@article{BalancingRedoxEquations2022,
    author    = {Zheng, Shengping},
    copyright = {De Gruyter expressly reserves the right to use all content for commercial text and data mining within the meaning of Section 44b of the German Copyright Act.},
    doi       = {10.1515/cti-2021-0031},
    issn      = {2569-3263},
    journal   = {Chemistry Teacher International},
    keywords  = {balancing redox equations,oxidation number,stoichiometry},
    langid    = {english},
    number    = {1},
    pages     = {55--59},
    publisher = {De Gruyter},
    title     = {Balancing Redox Equations through Zero Oxidation Number Method},
    volume    = {4},
    year      = 2022
}

@misc{BalancingRedoxReactions,
    title = {From {{Balancing Redox Reactions}} to {{Determining Change}} of {{Oxidation Numbers}}: {{Journal}} of {{College Science Teaching}}: {{Vol}} 51, {{No}} 3}
}

@misc{ComprehensiveDefinitionOxidation,
    title = {Comprehensive Definition of Oxidation State ({{IUPAC Recommendations}} 2016)}
}

@article{ComprehensiveDefinitionOxidation2014,
    author    = {Karen, Pavel and McArdle, Patrick and Takats, Josef},
    copyright = {De Gruyter expressly reserves the right to use all content for commercial text and data mining within the meaning of Section 44b of the German Copyright Act.},
    doi       = {10.1515/pac-2013-0505},
    issn      = {1365-3075},
    journal   = {Pure and Applied Chemistry},
    keywords  = {bond order,bond valence,chemistry,electronegativity,iconicity,ionic approximation,IUPAC Inorganic Chemistry Division,Lewis acids,Lewis bases,oxidation state,quantum chemistry},
    langid    = {english},
    number    = {6},
    pages     = {1017--1081},
    publisher = {De Gruyter},
    title     = {Toward a Comprehensive Definition of Oxidation State ({{IUPAC Technical Report}})},
    volume    = {86},
    year      = 2014
}

@book{HuaXueJiuNianJiShangCe,
    publisher = {人民教育出版社},
    title     = {化学九年级上册}
}

@misc{InnovativeApproachBalancing2011,
    archiveprefix = {arXiv},
    author        = {Thorne, Lawrence R.},
    doi           = {10.48550/arXiv.1110.4321},
    eprint        = {1110.4321},
    keywords      = {Mathematical Physics,Mathematics - Mathematical Physics,Physics - Chemical Physics},
    number        = {arXiv:1110.4321},
    primaryclass  = {physics},
    publisher     = {arXiv},
    shorttitle    = {An {{Innovative Approach}} to {{Balancing Chemical-Reaction Equations}}},
    title         = {An {{Innovative Approach}} to {{Balancing Chemical-Reaction Equations}}: {{A Simplified Matrix-Inversion Technique}} for {{Determining The Matrix Null Space}}},
    year          = 2011
}

@book{IUPACCompendiumChemical2019,
    address    = {Research Triangle Park, NC},
    doi        = {10.1351/goldbook},
    edition    = {4},
    editor     = {Gold, Victor},
    langid     = {english},
    publisher  = {{International Union of Pure and Applied Chemistry (IUPAC)}},
    shorttitle = {The {{IUPAC Compendium}} of {{Chemical Terminology}}},
    title      = {The {{IUPAC Compendium}} of {{Chemical Terminology}}: {{The Gold Book}}},
    year       = 2019
}

@book{LinearAlgebraDone2024,
    address   = {Cham},
    author    = {Axler, Sheldon},
    copyright = {https://creativecommons.org/licenses/by-nc/4.0},
    doi       = {10.1007/978-3-031-41026-0},
    isbn      = {978-3-031-41025-3 978-3-031-41026-0},
    langid    = {english},
    publisher = {Springer International Publishing},
    series    = {Undergraduate {{Texts}} in {{Mathematics}}},
    title     = {Linear {{Algebra Done Right}}},
    year      = 2024
}

@article{NewMethodBalance1987,
    author    = {Garcia, Arcesio},
    doi       = {10.1021/ed064p247},
    issn      = {0021-9584},
    journal   = {Journal of Chemical Education},
    number    = {3},
    pages     = {247},
    publisher = {American Chemical Society},
    title     = {A New Method to Balance Chemical Equations},
    volume    = {64},
    year      = 1987
}

@misc{NotesElectronMethod1926,
    author    = {Waldbauer, L. J. and Thrun, W. E.},
    doi       = {10.1021/ed003p1430},
    journal   = {ACS Publications},
    langid    = {english},
    publisher = {Division of Chemical Education},
    title     = {Notes on the Electron Method of Teaching Oxidation and Reduction},
    type      = {Research-Article},
    year      = 1926
}

@misc{WuJiHuaXue,
    author = {{张祖德}},
    title  = {无机化学}
}
